This file was created with JabRef 2.2.
Encoding: MacRoman

@BOOK{cressie:1993,
  title = {Statistics for Spatial Data},
  publisher = {John Wiley and Sons, Inc},
  year = {1993},
  author = {Noel A.C. Cressie},
  address = {New York, NY},
  isbn = {0-471-00255-0}
}

@BOOK{gelfand:2010,
  title = {Handbook of Spatial Statistics},
  publisher = {Chapman and Hall},
  year = {2010},
  author = {Alan E. Gelfand and Peter J. Diggle and Montserrat Fuentes and Peter Guttorp},
  address = {Boca Raton, FL},
}

@BOOK{stein:1999,
  title = {Interpolation of Spatial Data},
  publisher = {Springer},
  year = {1999},
  author = {Michael Stein},
  address = {New York, NY},
}

@BOOK{bivand:2008,
  title = {Applied Spatial Data Analysis with R},
  publisher = {Springer},
  year = {2008},
  author = {Roger S. Bivand and Edzer J. Pebesma and Virgilio G\'omez-Rubio},
  address = {New York, NY},
}